<record><leader>00000cas a22000007a 4500</leader><controlfield tag="001">16812320</controlfield><controlfield tag="008">871005d18821uuupaudr ne      0    0eng d</controlfield><datafield ind1=" " ind2=" " tag="010"><subfield code="a">sn 87080588 </subfield></datafield><datafield ind1=" " ind2=" " tag="040"><subfield code="a">NPH</subfield><subfield code="b">eng</subfield><subfield code="c">NPH</subfield><subfield code="d">OCLCQ</subfield></datafield><datafield ind1=" " ind2=" " tag="042"><subfield code="a">msc</subfield></datafield><datafield ind1="0" ind2="0" tag="245"><subfield code="a">Scranton evening news.</subfield></datafield><datafield ind1="3" ind2="0" tag="246"><subfield code="a">News</subfield></datafield><datafield ind1="3" ind2="0" tag="246"><subfield code="a">Evening news</subfield></datafield><datafield ind1=" " ind2=" " tag="260"><subfield code="a">Scranton [Pa. :</subfield><subfield code="b">s.n.],</subfield><subfield code="c">1882-</subfield></datafield><datafield ind1=" " ind2=" " tag="300"><subfield code="a">v. ;</subfield><subfield code="c">51 cm.</subfield></datafield><datafield ind1=" " ind2=" " tag="310"><subfield code="a">Daily</subfield></datafield><datafield ind1="0" ind2=" " tag="362"><subfield code="a">Vol. 1, no. 1 (June 12, 1882)-</subfield></datafield><datafield ind1=" " ind2=" " tag="752"><subfield code="a">United States</subfield><subfield code="b">Pennsylvania</subfield><subfield code="c">Lackawanna</subfield><subfield code="d">Scranton.</subfield></datafield></record>